@article{winters2011motivators,
  title={Motivators and deterrents of bicycling: comparing influences on decisions to ride},
  author={Winters, Meghan and Davidson, Gavin and Kao, Diana and Teschke, Kay},
  journal={Transportation},
  volume={38},
  number={1},
  pages={153--168},
  year={2011},
  publisher={Springer}
}

@article{crane2017longitudinal,
  title={Longitudinal evaluation of travel and health outcomes in relation to new bicycle infrastructure, Sydney, Australia},
  author={Crane, Melanie and Rissel, Chris and Standen, Chris and Ellison, Adrian and Ellison, Richard and Wen, Li Ming and Greaves, Stephen},
  journal={Journal of Transport \& Health},
  volume={6},
  pages={386--395},
  year={2017},
  publisher={Elsevier}
}

@article{goodman2014new,
  title={New walking and cycling routes and increased physical activity: one-and 2-year findings from the UK iConnect Study},
  author={Goodman, Anna and Sahlqvist, Shannon and Ogilvie, David and iConnect Consortium},
  journal={American journal of public health},
  volume={104},
  number={9},
  pages={e38--e46},
  year={2014},
  publisher={American Public Health Association}
}

@article{aldred2019impacts,
  title={Impacts of an active travel intervention with a cycling focus in a suburban context: One-year findings from an evaluation of Londonâ€™s in-progress mini-Hollands programme},
  author={Aldred, Rachel and Croft, Joseph and Goodman, Anna},
  journal={Transportation research part A: policy and practice},
  volume={123},
  pages={147--169},
  year={2019},
  publisher={Elsevier}
}

@article{wardman2007factors,
  title={Factors influencing the propensity to cycle to work},
  author={Wardman, Mark and Tight, Miles and Page, Matthew},
  journal={Transportation Research Part A: Policy and Practice},
  volume={41},
  number={4},
  pages={339--350},
  year={2007},
  publisher={Elsevier},
  url = {https://doi.org/10.1016/j.tra.2006.09.011}
}

@article{pucher2010infrastructure,
  title={Infrastructure, programs, and policies to increase bicycling: an international review},
  author={Pucher, John and Dill, Jennifer and Handy, Susan},
  journal={Preventive medicine},
  volume={50},
  pages={S106--S125},
  year={2010},
  publisher={Elsevier}
}

@article{pucher2008making,
  title={Making cycling irresistible: lessons from the Netherlands, Denmark and Germany},
  author={Pucher, John and Buehler, Ralph},
  journal={Transport reviews},
  volume={28},
  number={4},
  pages={495--528},
  year={2008},
  publisher={Taylor \& Francis}
}


@article{orozco2020data,
  title={Data-driven strategies for optimal bicycle network growth},
  author={Orozco, Luis Guillermo Natera and Battiston, Federico and I{\~n}iguez, Gerardo and Szell, Michael},
  journal={Royal Society open science},
  volume={7},
  number={12},
  year={2020},
  publisher={The Royal Society}
}

@article{olmos2020data,
  title={A data science framework for planning the growth of bicycle infrastructures},
  author={Olmos, Luis E and Tadeo, Maria Sol and Vlachogiannis, Dimitris and Alhasoun, Fahad and Alegre, Xavier Espinet and Ochoa, Catalina and Targa, Felipe and Gonz{\'a}lez, Marta C},
  journal={Transportation Research Part C: Emerging Technologies},
  volume={115},
  pages={102640},
  year={2020},
  publisher={Elsevier}
}

@article{mauttone2017bicycle,
  title={Bicycle network design: model and solution algorithm},
  author={Mauttone, Antonio and Mercadante, Gonzalo and Rabaza, Mar{\'i}a and Toledo, Fernanda},
  journal={Transportation research procedia},
  volume={27},
  pages={969--976},
  year={2017},
  publisher={Elsevier}
}

@article{duthie2014optimization,
  title={Optimization framework for bicycle network design},
  author={Duthie, Jennifer and Unnikrishnan, Avinash},
  journal={Journal of Transportation engineering},
  volume={140},
  number={7},
  pages={04014028},
  year={2014},
  publisher={American Society of Civil Engineers}
}

@inproceedings{broach2011bicycle,
  title={Bicycle route choice model developed using revealed preference GPS data},
  author={Broach, Joseph and Gliebe, John and Dill, Jennifer},
  booktitle={90th annual meeting of the transportation research board, Washington, DC},
  year={2011}
}

@article{winters2010far,
  title={How far out of the way will we travel? Built environment influences on route selection for bicycle and car travel},
  author={Winters, Meghan and Teschke, Kay and Grant, Michael and Setton, Eleanor M and Brauer, Michael},
  journal={Transportation Research Record},
  volume={2190},
  number={1},
  pages={1--10},
  year={2010},
  publisher={SAGE Publications Sage CA: Los Angeles, CA}
}

@article{newman2006modularity,
  title={Modularity and community structure in networks},
  author={Newman, Mark EJ},
  journal={Proceedings of the national academy of sciences},
  volume={103},
  number={23},
  pages={8577--8582},
  year={2006},
  publisher={National Acad Sciences}
}

@article{akbarzadeh2018designing,
  title={Designing bike networks using the concept of network clusters},
  author={Akbarzadeh, Meisam and Mohri, Syed Sina and Yazdian, Ehsan},
  journal={Applied network science},
  volume={3},
  number={1},
  pages={12},
  year={2018},
  publisher={Springer}
}

@inproceedings{bao2017planning,
  title={Planning bike lanes based on sharing-bikes' trajectories},
  author={Bao, Jie and He, Tianfu and Ruan, Sijie and Li, Yanhua and Zheng, Yu},
  booktitle={Proceedings of the 23rd ACM SIGKDD international conference on knowledge discovery and data mining},
  pages={1377--1386},
  year={2017}
}

@article{lucas2016method,
  title={A method to evaluate equitable accessibility: combining ethical theories and accessibility-based approaches},
  author={Lucas, Karen and Van Wee, Bert and Maat, Kees},
  journal={Transportation},
  volume={43},
  number={3},
  pages={473--490},
  year={2016},
  publisher={Springer}
}

@article{pereira2017distributive,
  title={Distributive justice and equity in transportation},
  author={Pereira, Rafael HM and Schwanen, Tim and Banister, David},
  journal={Transport reviews},
  volume={37},
  number={2},
  pages={170--191},
  year={2017},
  publisher={Taylor \& Francis}
}

@article{nahmias2017integrating,
  title={Integrating equity in transportation project assessment: a philosophical exploration and its practical implications},
  author={Nahmias-Biran, Bat-hen and Martens, Karel and Shiftan, Yoram},
  journal={Transport reviews},
  volume={37},
  number={2},
  pages={192--210},
  year={2017},
  publisher={Taylor \& Francis}
}

@article{jafino2020transport,
  title={Transport network criticality metrics: a comparative analysis and a guideline for selection},
  author={Jafino, Bramka Arga and Kwakkel, Jan and Verbraeck, Alexander},
  journal={Transport Reviews},
  volume={40},
  number={2},
  pages={241--264},
  year={2020},
  publisher={Taylor \& Francis}
}

@article{buehler2016bikeway,
  title={Bikeway networks: A review of effects on cycling},
  author={Buehler, Ralph and Dill, Jennifer},
  journal={Transport Reviews},
  volume={36},
  number={1},
  pages={9--27},
  year={2016},
  publisher={Taylor \& Francis}
}

@article{stinson2003commuter,
  title={Commuter bicyclist route choice: Analysis using a stated preference survey},
  author={Stinson, Monique A and Bhat, Chandra R},
  journal={Transportation Research Record},
  volume={1828},
  number={1},
  pages={107--115},
  year={2003},
  publisher={SAGE Publications Sage CA: Los Angeles, CA}
}

@article{caulfield2012determining,
  title={Determining bicycle infrastructure preferences--A case study of Dublin},
  author={Caulfield, Brian and Brick, Elaine and McCarthy, Orla Th{\'e}r{\`e}se},
  journal={Transportation research part D: transport and environment},
  volume={17},
  number={5},
  pages={413--417},
  year={2012},
  publisher={Elsevier}
}

@article{schoner2014missing,
  title={The missing link: Bicycle infrastructure networks and ridership in 74 US cities},
  author={Schoner, Jessica E and Levinson, David M},
  journal={Transportation},
  volume={41},
  number={6},
  pages={1187--1204},
  year={2014},
  publisher={Springer}
}

@article{mesbah2012bilevel,
  title={Bilevel optimization approach to design of network of bike lanes},
  author={Mesbah, Mahmoud and Thompson, Russell and Moridpour, Sara},
  journal={Transportation research record},
  volume={2284},
  number={1},
  pages={21--28},
  year={2012},
  publisher={SAGE Publications Sage CA: Los Angeles, CA}
}

@article{marques2015infrastructure,
  title={How infrastructure can promote cycling in cities: Lessons from Seville},
  author={Marqu{\'e}s, R and Hern{\'a}ndez-Herrador, V and Calvo-Salazar, M and Garc{\'i}a-Cebri{\'a}n, JA},
  journal={Research in Transportation Economics},
  volume={53},
  pages={31--44},
  year={2015},
  publisher={Elsevier}
}

@article{goodwin1996empirical,
  title={Empirical evidence on induced traffic},
  author={Goodwin, Phil B},
  journal={Transportation},
  volume={23},
  number={1},
  pages={35--54},
  year={1996},
  publisher={Springer}
}

@article{parkin2008estimation,
  title={Estimation of the determinants of bicycle mode share for the journey to work using census data},
  author={Parkin, John and Wardman, Mark and Page, Matthew},
  journal={Transportation},
  volume={35},
  number={1},
  pages={93--109},
  year={2008},
  publisher={Springer}
}

@book{parkin2018designing,
author = {Parkin, John},
title = {Designing for Cycle Traffic},
publisher = {ICE Publishing},
year = {2018},
doi = {10.1680/dfct.63495},
address = {},
edition   = {},
URL = {https://www.icevirtuallibrary.com/doi/abs/10.1680/dfct.63495},
}

@article{lovelace2017propensity,
  title={The Propensity to Cycle Tool: An open source online system for sustainable transport planning},
  author={Lovelace, Robin and Goodman, Anna and Aldred, Rachel and Berkoff, Nikolai and Abbas, Ali and Woodcock, James},
  journal={Journal of transport and land use},
  volume={10},
  number={1},
  pages={505--528},
  year={2017},
  publisher={JSTOR}
}

@misc{department2017cycling,
  title={Cycling and walking investment strategy},
  author={DfT},
  year={2017},
  publisher={Department for Transport London}
}

@article{ofn2018population,
  title={Population estimates for the UK, England and Wales, Scotland and Northern Ireland: mid-2017},
  author={ONS},
  journal={Hampshire: Office for National Statistics},
  year={2018}
}

@article{iacono2010measuring,
  title={Measuring non-motorized accessibility: issues, alternatives, and execution},
  author={Iacono, Michael and Krizek, Kevin J and El-Geneidy, Ahmed},
  journal={Journal of Transport Geography},
  volume={18},
  number={1},
  pages={133--140},
  year={2010},
  publisher={Elsevier}
}

@article{padgham2019dodgr,
  title={Dodgr: An r package for network flow aggregation},
  author={Padgham, Mark},
  journal={Transport Findings. Network Design Lab},
  year={2019}
}

@article{boisjoly2020bicycle,
  title={Bicycle network performance: Assessing the directness of bicycle facilities through connectivity measures, a Montreal, Canada case study},
  author={Boisjoly, Genevi{\`e}ve and Lachapelle, Ugo and El-Geneidy, Ahmed},
  journal={International Journal of Sustainable Transportation},
  volume={14},
  number={8},
  pages={620--634},
  year={2020},
  publisher={Taylor \& Francis}
}

@article{dill2013four,
  title={Four types of cyclists? Examination of typology for better understanding of bicycling behavior and potential},
  author={Dill, Jennifer and McNeil, Nathan},
  journal={Transportation Research Record},
  volume={2387},
  number={1},
  pages={129--138},
  year={2013},
  publisher={SAGE Publications Sage CA: Los Angeles, CA}
}

@misc{department2012guidance,
  title={Guidance on road classification and the primary route network},
  author={DfT},
  year={2012},
  publisher={Department of Transport of Britain}
}

@article{blondel2008fast,
  title={Fast unfolding of communities in large networks},
  author={Blondel, Vincent D and Guillaume, Jean-Loup and Lambiotte, Renaud and Lefebvre, Etienne},
  journal={Journal of statistical mechanics: theory and experiment},
  volume={2008},
  number={10},
  pages={P10008},
  year={2008},
  publisher={IOP Publishing}
}

@techreport{departmentgearchange2020,
	title = {Gear Change: A Bold Vision for Cycling and Walking},
	author = {DfT},
	year = {2020}
}

@techreport{departmentcycleinfradesign2020,
	title = {Cycling Infrastructure Design},
	author = {DfT},
	year = {2020}
}

@article{palominos2020identifying,
  title={Identifying and Characterising Active Travel Corridors for London in Response to Covid-19 Using Shortest Path and Streetspace Analysis},
  author={Palominos, Nicolas and Smith, Duncan A},
  year={2020}
}

@techreport{palominos2019quantifying,
  title={Quantifying and Mapping Streetspace: a Geocomputational Method for the Citywide Analysis of Pedestrian and Vehicular Streetspace},
  author={Palominos, Nicolas and Smith, Duncan A},
  year={2019},
  institution={CASA Working Paper 212}
}

@inproceedings{agreement2015paris,
  title={Paris agreement},
  author={UN},
  booktitle={Report of the Conference of the Parties to the United Nations Framework Convention on Climate Change (21st Session, 2015: Paris). Retrived December},
  volume={4},
  pages={2017},
  year={2015},
  organization={HeinOnline}
}

@article{kohl2012pandemic,
  title={The pandemic of physical inactivity: global action for public health},
  author={Kohl 3rd, Harold W and Craig, Cora Lynn and Lambert, Estelle Victoria and Inoue, Shigeru and Alkandari, Jasem Ramadan and Leetongin, Grit and Kahlmeier, Sonja and Lancet Physical Activity Series Working Group and others},
  journal={The lancet},
  volume={380},
  number={9838},
  pages={294--305},
  year={2012},
  publisher={Elsevier}
}

@article{celis2017association,
  title={Association between active commuting and incident cardiovascular disease, cancer, and mortality: prospective cohort study},
  author={Celis-Morales, Carlos A and Lyall, Donald M and Welsh, Paul and Anderson, Jana and Steell, Lewis and Guo, Yibing and Maldonado, Reno and Mackay, Daniel F and Pell, Jill P and Sattar, Naveed and others},
  journal={bmj},
  volume={357},
  pages={j1456},
  year={2017},
  publisher={British Medical Journal Publishing Group}
}

@article{jarrett2012effect,
  title={Effect of increasing active travel in urban England and Wales on costs to the National Health Service},
  author={Jarrett, James and Woodcock, James and Griffiths, Ulla K and Chalabi, Zaid and Edwards, Phil and Roberts, Ian and Haines, Andy},
  journal={The Lancet},
  volume={379},
  number={9832},
  pages={2198--2205},
  year={2012},
  publisher={Elsevier}
}

@article{patterson2020associations,
  title={Associations between commute mode and cardiovascular disease, cancer, and all-cause mortality, and cancer incidence, using linked Census data over 25 years in England and Wales: a cohort study},
  author={Patterson, Richard and Panter, Jenna and Vamos, Eszter P and Cummins, Steven and Millett, Christopher and Laverty, Anthony A},
  journal={The Lancet Planetary Health},
  volume={4},
  number={5},
  pages={e186--e194},
  year={2020},
  publisher={Elsevier}
}

@article{goodman2019scenarios,
  title={Scenarios of cycling to school in England, and associated health and carbon impacts: Application of the â€˜Propensity to Cycle Toolâ€™},
  author={Goodman, Anna and Rojas, Ilan Fridman and Woodcock, James and Aldred, Rachel and Berkoff, Nikolai and Morgan, Malcolm and Abbas, Ali and Lovelace, Robin},
  journal={Journal of Transport \& Health},
  volume={12},
  pages={263--278},
  year={2019},
  publisher={Elsevier}
}

@article{bloch2019centrality,
  title={Centrality measures in networks},
  author={Bloch, Francis and Jackson, Matthew O and Tebaldi, Pietro},
  journal={Available at SSRN 2749124},
  year={2019}
}

@book{barabasi2016network,
  title={Network science},
  author={Barab{\'a}si, Albert-L{\'a}szl{\'o} and others},
  year={2016},
  publisher={Cambridge university press}
}

%spatial-interaction-models

@article{wilson1971family,
  title={A family of spatial interaction models, and associated developments},
  author={Wilson, Alan Geoffrey},
  journal={Environment and Planning A},
  volume={3},
  number={1},
  pages={1--32},
  year={1971},
  publisher={Sage Publications Sage UK: London, England}
}

@article{black1995spatial,
  title={Spatial interaction modeling using artificial neural networks},
  author={Black, William R},
  journal={Journal of Transport Geography},
  volume={3},
  number={3},
  pages={159--166},
  year={1995},
  publisher={Elsevier}
}

@article{martinez2013new,
  title={A new approach to modelling distance-decay functions for accessibility assessment in transport studies},
  author={MartÃ­nez, L Miguel and Viegas, JosÃ© Manuel},
  journal={Journal of Transport Geography},
  volume={26},
  pages={87--96},
  year={2013},
  publisher={Elsevier}
}


%flow data
@misc{ONS2011flowdata,
  author = {ONS},
  title = {2011 Census: Special Workplace Statistics (United Kingdom)},
  year = {2011},
  note = {data retrieved from UK Data Service Census Support, \url{https://wicid.ukdataservice.ac.uk/}},
}

%routing-stress

@article{sorton1994bicycle,
  title={Bicycle stress level as a tool to evaluate urban and suburban bicycle compatibility},
  author={Sorton, Alex and Walsh, Thomas},
  journal={Transportation Research Record},
  pages={17--17},
  year={1994},
  publisher={NATIONAL ACADEMY OF SCIENCES}
}

@article{gehrke2020cycling,
  title={A cycling-focused accessibility tool to support regional bike network connectivity},
  author={Gehrke, Steven R and Akhavan, Armin and Furth, Peter G and Wang, Qi and Reardon, Timothy G},
  journal={Transportation research part D: transport and environment},
  volume={85},
  pages={102388},
  year={2020},
  publisher={Elsevier}
}

@article{furth2016network,
  title={Network connectivity for low-stress bicycling},
  author={Furth, Peter G and Mekuria, Maaza C and Nixon, Hilary},
  journal={Transportation research record},
  volume={2587},
  number={1},
  pages={41--49},
  year={2016},
  publisher={SAGE Publications Sage CA: Los Angeles, CA}
}

@article{wysling2022improve,
  title={Where to improve cycling infrastructure? Assessing bicycle suitability and bikeability with open data in the city of Paris},
  author={Wysling, Laura and Purves, Ross S},
  journal={Transportation research interdisciplinary perspectives},
  volume={15},
  pages={100648},
  year={2022},
  publisher={Elsevier}
}


% traffic-evaporation

@article{nello2020environmental,
  title={Environmental determinants of cycling: Not seeing the forest for the trees?},
  author={Nello-Deakin, Samuel},
  journal={Journal of transport geography},
  volume={85},
  pages={102704},
  year={2020},
  publisher={Elsevier}
}

% soft-policies

@article{gossling2013urban,
  title={Urban transport transitions: Copenhagen, city of cyclists},
  author={G{\"o}ssling, Stefan},
  journal={Journal of Transport Geography},
  volume={33},
  pages={196--206},
  year={2013},
  publisher={Elsevier}
}


% TfL

@techreport{tfl_travel_2019,
	title = {Travel in {London}},
	number = {12},
	author = {TfL},
	year = {2019}
}

@techreport{tfl_cycling_2018,
	title = {Cycling action plan},
	author = {TfL},
	year = {2018}
}

@techreport{tfl_analysis_2017,
	title = {Analysis of {Cycling} {Potential} 2016},
	author = {TfL},
	year = {2017}
}

@article{simini2012,
	title = {A universal model for mobility and migration patterns},
	author = {{Simini}, {Filippo} and {GonzÃ¡lez}, {Marta C} and {Maritan}, {Amos} and {BarabÃ¡si}, {Albert-LÃ¡szlÃ³}},
	year = {2012},
	month = {02},
	date = {2012-02},
	journal = {Nature},
	pages = {8{\textendash}12},
	doi = {10.1038/nature10856},
	url = {https://doi.org/10.1038/nature10856}
}



@article{vidaltortosa_infrastructure_2020,
  title = {Infrastructure Is Not Enough: Interactions between the Environment, Socioeconomic Disadvantage and Cycling Participation in {{England}}},
  shorttitle = {Infrastructure Is Not Enough},
  author = {Vidal Tortosa, E. and Lovelace, R. and Heinen, E. and Mann, R. P.},
  year = {2021},
  publisher = {{University of Minnesota}},
  issn = {1938-7849},
  file = {/home/robin/Zotero/storage/5XGYGBCG/170217.html},
  journal = {Journal of Transport and Land Use},
  language = {en}
}


% Manchester 

@techreport{manchestercyclingbee2020,
	title = {Change a region to change a nation - Greater Manchesterâ€™s walking and cycling investment plan},
	author = {Transport for Greater Manchester},
	year = {2020}
}

% multi-criteria 
@article{grise2018if,
  title={If we build it, who will benefit? A multi-criteria approach for the prioritization of new bicycle lanes in Quebec City, Canada},
  author={Gris{\'e}, Emily and El-Geneidy, Ahmed},
  journal={Journal of transport and land use},
  volume={11},
  number={1},
  pages={217--235},
  year={2018},
  publisher={JSTOR}
}

