@article{brand_climate_2020,
  title = {The Climate Change Mitigation Effects of Active Travel},
  author = {Christian Brand and Evi Dons and Esther Anaya-Boig and Ione Avila-Palencia and Anna Clark and Audrey {de Nazelle} and Mireia Gascon and Mailin Gaupp-Berghausen and Regine Gerike and Thomas Gotschi},
  year = {2020},
  journal = {Preprint: researchsquare.com},
}

@book{parkin2018designing,
author = {Parkin, John},
title = {Designing for Cycle Traffic},
publisher = {ICE Publishing},
year = {2018},
doi = {10.1680/dfct.63495},
address = {},
edition   = {},
URL = {https://www.icevirtuallibrary.com/doi/abs/10.1680/dfct.63495},
}
